<record><leader>00000cas a2200000 a 4500</leader><controlfield tag="001">33495621</controlfield><controlfield tag="008">951116d18uu18uufluwr ne      0    0eng c</controlfield><datafield ind1=" " ind2=" " tag="010"><subfield code="a">sn 95047306 </subfield></datafield><datafield ind1=" " ind2=" " tag="040"><subfield code="a">FUG</subfield><subfield code="b">eng</subfield><subfield code="c">FUG</subfield><subfield code="d">OCLCQ</subfield><subfield code="d">OCLCF</subfield><subfield code="d">OCLCO</subfield></datafield><datafield ind1=" " ind2=" " tag="012"><subfield code="i">9511</subfield></datafield><datafield ind1="1" ind2=" " tag="029"><subfield code="a">AU@</subfield><subfield code="b">000025890256</subfield></datafield><datafield ind1=" " ind2=" " tag="042"><subfield code="a">pcc</subfield></datafield><datafield ind1=" " ind2=" " tag="043"><subfield code="a">n-us-fl</subfield></datafield><datafield ind1="0" ind2=" " tag="130"><subfield code="a">Pensacola commercial (Pensacola, Fla. : 1871)</subfield></datafield><datafield ind1="1" ind2="4" tag="245"><subfield code="a">The Pensacola commercial.</subfield></datafield><datafield ind1="1" ind2="3" tag="246"><subfield code="a">Weekly commercial</subfield></datafield><datafield ind1=" " ind2=" " tag="260"><subfield code="a">Pensacola, Fla. :</subfield><subfield code="b">F. Touart &amp; Co.</subfield></datafield><datafield ind1=" " ind2=" " tag="300"><subfield code="a">v.</subfield></datafield><datafield ind1=" " ind2=" " tag="310"><subfield code="a">Weekly</subfield></datafield><datafield ind1=" " ind2=" " tag="500"><subfield code="a">Q.A. Jernigan, editor.</subfield></datafield><datafield ind1=" " ind2=" " tag="588"><subfield code="a">Description based on: Vol. 3, no. 15 (Feb. 25, 1871).</subfield></datafield><datafield ind1=" " ind2="0" tag="651"><subfield code="a">Pensacola (Fla.)</subfield><subfield code="v">Newspapers.</subfield></datafield><datafield ind1=" " ind2="0" tag="651"><subfield code="a">Escambia County (Fla.)</subfield><subfield code="v">Newspapers.</subfield></datafield><datafield ind1=" " ind2="7" tag="655"><subfield code="a">Newspapers.</subfield><subfield code="2">fast</subfield><subfield code="0">(OCoLC)fst01423814</subfield></datafield><datafield ind1=" " ind2="7" tag="651"><subfield code="a">Florida</subfield><subfield code="z">Escambia County.</subfield><subfield code="2">fast</subfield><subfield code="0">(OCoLC)fst01215180</subfield></datafield><datafield ind1=" " ind2="7" tag="651"><subfield code="a">Florida</subfield><subfield code="z">Pensacola.</subfield><subfield code="2">fast</subfield><subfield code="0">(OCoLC)fst01206144</subfield></datafield><datafield ind1=" " ind2=" " tag="752"><subfield code="a">United States</subfield><subfield code="b">Florida</subfield><subfield code="c">Escambia</subfield><subfield code="d">Pensacola.</subfield></datafield><datafield ind1=" " ind2=" " tag="850"><subfield code="a">FU</subfield></datafield></record>